% Encoding: windows-1250

@Comment{jabref-meta: databaseType:bibtex;}


@book{EMCDDA,
	author    = "Europejskie Centrum Monitorowania Narkotyków i Narkomanii",
	title     = "Europejski raport narkotykowy 2018: Tendencje i osi¹gniêcia",
	year      = "2018",
	publisher = "Urz¹d Publikacji Unii Europejskiej",
	address   = "Luksemburg"
}

@book{odurzeni,
	author    = "Richard Davenport-Hines",
	title     = "Odurzeni. Historia narkotyków 1500-2000",
	year      = "2006",
	publisher = "Wydawnictwo W.A.B.",
	address   = "Warszawa"
}
@book{artint,
	author    = "Witold Marciszewski",
	title     = "Sztuczna inteligencja",
	year      = "1998",
	publisher = "Spo³eczny Instytut Wydawniczy Znak",
	address   = "Kraków"
}

@book{terapy,
	author    = "Anna Kurzeja",
	title     = "Uzale¿nienie od narkotyków. Od teorii do praktyki terapeutycznej.",
	year      = "2012",
	publisher = "Wydawnictwo Difin",
	address   = "Warszawa"
}
@book{aifun,
	author    = "Krzysztof Wo³k",
	title     = "Zabawa ze sztuczn¹ inteligencj¹",
	year      = "2018",
	publisher = "Wydawnictwo Pyschoskok",
	address   = "Konin"
}

@book{helloworld,
	author    = "Hannah Fry",
	title     = "Hello World. Jak byæ cz³owiekiem w epoce maszyn.",
	year      = "2019",
	publisher = "Wydawnictwo Literackie",
	address   = "Kraków"
}
@book{drug1,
	author    = "Krzysztof Wo³k",
	title     = "Natkotyki i narkomania.",
	year      = "2006",
	publisher = "Wydawnictwo Iskry",
	address   = "Warszawa"
}

@book{drug2,
	author    = "Katarzyna Panejko-Wanat, Krzysztof Wanat",
	title     = "W pogodni, w ucieczce. Natkotyki i narkomania.",
	year      = "2015",
	publisher = "Wydawnictwo Iskry",
	address   = "Warszawa"
}
@book{prognozuj,
	author    = "Eric Siegel",
	title     = "Prognozuj kto kliknie, kupi, sk³amie lub umrze.",
	year      = "2018",
	publisher = "Wydawnictwo MT Biznes",
	address   = "Warszawa"
}

@book{prawd,
	author    = "David J. Hand",
	title     = "Zasada nieprawdopodobieñstwa. DLaczego codziennie zdarzaj¹ siê zbiegi okolicznoœci, cuda i rzadkie wydarzenia",
	year      = "2014",
	publisher = "Grupa Wydawnicza Foksal",
	address   = "Warszawa"
}
@misc{socialmedia,
	author    = "Devin Golden",
	title     = "Social Media and the Link to Drug Addiction",
	url       = "https://www.therecoveryvillage.com/recovery-blog/social-media-link-drug-addiction/#gref"
}
@article{ww1,
	author = "Times",
	title =        "VAD Nurse's Death",
	journal =      "Times",
	pages =        "3a",
	year =         "1918",
}
@article{ww2,
	author = "Jack S. Blocker, Jr",
	title =        "Did Prohibition Really Work? Alcohol Prohibition as a Public Health Innovation",
	journal =      "American Journal of Public Health",
	year =         "2005",
}
